%Diese Datei enthält eine beispielhafte Literaturdatenbank.
%
%Für LaTeX existieren verschiedene Literaturverwaltungssysteme, die diese Datei verarbeiten und daraus ein Literaturverzeichnis erstellen. Das Standardprogramm zur Literaturverwaltung in LaTeX ist das Programm BibTeX. Daneben ist noch das Programm biber in Kombination mit dem Paket biblatex verbreitet.
%
%Als Einstieg in die Literaturverwaltungssysteme sei auf die folgenden URLs verwiesen:
% https://de.wikipedia.org/wiki/BibTeX
% https://en.wikibooks.org/wiki/LaTeX/Bibliography_Management
% http://tex.stackexchange.com/questions/25701/bibtex-vs-biber-and-biblatex-vs-natbib
%
% Die LaTeX-Vorlage ist derzeit für BibTeX vorkonfiguriert.
@book{EngineeringModelingLanguages,
    author    = {B.Combemale},
    title     = {Engineering Modeling Languages: Turning Domain Knowledge into Tools},
    publisher = {CRC Press},
    year      = {2017}
}

@book{MDE,
    author    = {T.Stahl},
    title     = {modellgetriebene Softwareentwicklung},
    publisher = {dpunkt Verlag},
    year      = {2007}
}

@book{MicroServicesVSSOA,
    author    = {M. Richards},
    title     = {Microservices vs. Service-Oriented Architecture},
    publisher = {O’Reilly Media},
    year      = {2016}
}

@book{MicroServicesWolff,
    author    = {E. Wolff},
    title     = {Microservices - Grundlagen flexibler Softwareentwicklung},
    publisher = {dpunkt Verlag},
    year      = {2016}
}

@book{BuildingMicroServices,
    author    = {S. Newman},
    title     = {Building Microservices},
    publisher = {O’Reilly Media},
    year      = {2015}
}

@book{DDDEvans,
    author    = {E. Evans},
    title     = {Domain-Driven Design},
    publisher = {Addison-Wesley},
    year      = {2003}
}

@book{SingleResponsibiltyPrinciple,
    author    = {R. C. Martin},
    title     = {The single responsibility principle. The principles, patterns, and
practices of Agile Software Development},
    publisher = {???},
    year      = {2002}
}

@book{IEEE10,
    author    = {},
    title     = {IEEE: Systems and software engineering – Vocabulary},
    publisher = {Piscataway NJ, USA},
    year      = {2010}
}

@book{StahlTechniken,
    author    = {T. Stahl ; M. VOelter ; S. Efftinge; A. Haase
; J. Bettin ; S. Helsen ; M. Kunz },
    title     = {Modellgetriebene Softwareentwicklung - Techniken, Engineering, Management},
    publisher = {d. Verlag},
    year      = {2002}
}

@book{Modelltheorie,
    author    = {H. Stachowiak},
    title     = {Allgemeine Modelltheorie},
    publisher = {Springer-Verlag},
    year      = {1973}
}

@article{ModelDrivenSilva,
    author    = {A. R. d. Silva},
    title     = {Model-driven Engineering},
    journal = {Comp. Eng.Syst. Struct.},
    year      = {2015}
}

@InProceedings{RademacherUmlProfile2017,
  Title                    = {Towards a UML Profile for Domain-driven Design of Microservice Architectures},
  Author                   = {Rademacher, Florian and Sachweh, Sabine and Z{\"u}ndorf, Albert},
  Booktitle                = {Proceedings of the Second Workshop on Microservices: Science and Engineering (MSE)},
  Year                     = {2017},
  Note                     = {im Erscheinen.},
  Publisher                = {Springer},
}

@INPROCEEDINGS {SorgallaAjiL2017,

   author    = "Sorgalla, Jonas",

   title     = "AjiL: A Graphical Modeling Language for the Development of Microservice Architectures",

   booktitle = "Abstracts of the Microservices 2017 Forum",

   year      = "2017",

   month     = "oct"

}

@article{MTClassification,
    author    = {K. Czarnecki,S. Helsen},
    title     = {Classification of Model Transformation
Approaches},
    journal = {2nd OOPSLA’03 Workshop on Generative
Techniques in the Context of MDA},
    year      = {2003}
}

@article{MTTaxonomy,
    author    = {T. Mens, P. V. Gorp},
    title     = {A Taxonomy of Model Transformation},
    journal = {Electronic Notes in Theoretical Computer Science 152},
    year      = {2006}
}

@article{metafoundation,
    author    = {C. Atkinson, T. Kuhne},
    title     = {Model-driven development: a metamodeling
foundation.},
    journal = {IEEE Software 20},
    year      = {2003}
}

@article{DSLBib,
    author    = {A. v. Deursen, P. Klint, J. Visser},
    title     = {Domain-specific Languages: An Annotated Bibliography.},
   	journal = {SIGPLAN Not. 35},
    year      = {2000}
}

@book{databasemanagement,
    author    = {James Martin},
    title     = {Managing the Data Base Environment},
    publisher = {Pearson Education},
    year      = {1983}
}

@book{requirementsGrundlagen,
    author    = {K. Pohl},
    title     = {Requirements engineering: Grundlagen, Prinzipien, Techniken.},
    publisher = {Heidelberg, dpunkt-Verl.},
    year      = {2008}
}

@Article{UML,
  Title                    = {{OMG} Unified Modeling Language ({OMG UML})},
  Author                   = {{Object Management Group}},
  Year                     = {2015},
  Number                   = {formal/2015-03-01},
  Volume                   = {Version 2.5{ }},

  Organization             = {Object Management Group},
  Revision                 = {2.5}
}

@Article{Rademacher2018,
  Title                    = {Challenges of Domain-driven Microservice Design: A Model-driven Perspective},
  Author                   = {Florian Rademacher and Jonas Sorgalla and Sabine Sachweh},
  Journal                  = {IIEEE Software -- Special Issue on Microservices},
  Year                     = {2018},

  Owner                    = {florian},
  Timestamp                = {2018.03.05}
}

@Article{Nastov2013,
author = {Nastov, Blazo},
year = {2013},
month = {06},
pages = {},
title = {Master Thesis: Grammar and graphical concrete syntaxes generator assistant for domain specific modeling languages}
}

@Article{Pahl2016,
author = {C. Pahl, P. Jamshidi},
year = {2016},
Journal = {(CLOSER)},
pages = {137-146},
title = {Microservices: A systematic mapping study}
}

@book{soaConcepts,
    author    = {T. Erl},
    title     = {Service-Oriented Architecture (SOA) Concepts, Technology and Design},
    publisher = {Prentice Hall},
    year      = {2005}
}

@article{archangeli_1988, title={Aspects of underspecification theory}, volume={5}, DOI={10.1017/S0952675700002268}, number={2}, journal={Phonology}, publisher={Cambridge University Press}, author={Archangeli, Diana}, year={1988}, pages={183–207}}

@misc{capitalization,
  title = {Capitalization Styles - .NET Framework 1.1},
  howpublished = {\url{https://msdn.microsoft.com/en-us/library/x2dbyw72(v=vs.71).aspx}},
  note = {Abgerufen: 2018-03-15}
}

@misc{schablonen,
  author = {R. Joppich; A. Pflüger; S. Queins; C. Rupp},
  title = {MASTeR - Schablonen für alle Fälle.},
  publisher = {Die SOPHISTen},
  howpublished = {\url{https://www.sophist.de/publikationen/wissen-for-free/}},
  note = {Abgerufen: 2018-03-16}
}

@book{Rupp2014,
    author    = {Rupp, Chris},
    title     = {Requirements-Engineering und -Management: Aus der Praxis
von klassisch bis agil},
    publisher = {Hanser},
    year      = {2014}
}

@INPROCEEDINGS{Rademacher2017, 
author={F. Rademacher and S. Sachweh and A. Zündorf}, 
booktitle={2017 IEEE International Conference on Software Architecture Workshops (ICSAW)}, 
title={Differences between Model-Driven Development of Service-Oriented and Microservice Architecture}, 
year={2017}, 
pages={38-45}, 
month={April}}

@article{DSMLReq,
    author    = {D. Kolovos; R. Paige; T. Kelly; F. Polack},
    title     = {Requirements for Domain-Specific Languages.},
    publisher = {1st ECOOP Workshop on Domain-Specific Program Development (DSPD
2006)},
    year      = {2006}
}

@INPROCEEDINGS{gplsource, 
author={C. Atkinson, R. Gerbig, B. Kennel}, 
booktitle={2012 34th International Conference on Software Engineering (ICSE)}, 
title={Symbiotic general-purpose and domain-specific languages}, 
year={2012},  
pages={1269-1272},
month={June}}

@article{idial,
    author    = {B. Igel (Hrsgb.); C. Wolff (Hrsgb.)},
    title     = {PIMES Jahresbericht 2015},
    howpublished = {\url{http://www.fh-dortmund.de/de/fb/3/forschung/
pimes/medien/PIMES_Jahresbericht_2015.pdf}},
    year      = {2015}
}

@article{smartservice,
    author    = {Arbeitskreis Smart Service Welt; acatech},
    title     = {Smart Service Welt
- Umsetzungsempfehlungen für das Zukunftsprojekt Internetbasierte
Dienste fuer die Wirtschaft},
    year      = {2015}
}

@article{SORoadmap,
    author    = {M. Papazoglou; P. Traverso; S. Dustdar; F. Leymann},
    title     = {SERVICE-ORIENTED COMPUTING: A RESEARCH
ROADMAP.},
	journal = {International Journal of Cooperative Information Systems
17},
    year      = {2008}
}

@article{Martin2003,
    author    = {R. C. Martin},
    title     = {Agile Software Development: Principles, Patterns, and Practices},
    year      = {2003}
}

@article{ATLDoc,
	author	= {D. Waagelar},
	title	= {ATL/User Guide - The ATL Language},
	howpublished = {https://wiki.eclipse.org/ATL/User_Guide_-_The_ATL_Language (abgerufen am 13.08.2018}
}

@article{transformationModels,
    author    = {J. Bezivin1; F. Büttner; M. Gogolla;
F. Jouault; I. Kurtev; A.Lindow},
    title     = {Model Transformations? Transformation Models!},
    journal = {MoDELS},
    publisher = {Springer-Verlag},
    year      = {2006}
}

@article{MDEToolEvaluation,
    author    = {N. Kahani; M. Bagherzadeh; J. R. Cordy; J. Dingel; D. Varro},
    title     = {Survey and classification of model transformation tools},
    publisher = {Springer-Verlag},
    year      = {2018}
}






